@article{alquier2024user,
  author    = {Pierre Alquier},
  title     = {{User-friendly Introduction to PAC-Bayes Bounds}},
  journal   = {Foundations and TrendsÂ® in Machine Learning},
  year      = {2024},
}

@article{alquier2016properties,
  author    = {Pierre Alquier and
               James Ridgway and
               Nicolas Chopin},
  title     = {{On the properties of variational approximations of Gibbs posteriors}},
  journal   = {Journal of Machine Learning Research},
  year      = {2016},
}

@inproceedings{aminian2021exact,
  author    = {Gholamali Aminian and
               Yuheng Bu and
               Laura Toni and
               Miguel R. D. Rodrigues and
               Gregory W. Wornell},
  title     = {{An Exact Characterization of the Generalization Error for the Gibbs
               Algorithm}},
  booktitle = {Advances in Neural Information Processing System (NeurIPS)},
  year      = {2021},
}

@article{bartlett2002rademacher,
  author    = {Peter Bartlett and
               Shahar Mendelson},
  title     = {{Rademacher and Gaussian Complexities: Risk Bounds and Structural Results}},
  journal   = {Journal of Machine Learning Research},
  year      = {2002},
}

@inproceedings{blanchard2007occams,
  author    = {Gilles Blanchard and
               Fran{\c{c}}ois Fleuret},
  title     = {{Occam's Hammer}},
  booktitle = {Annual Conference on Learning Theory (COLT)},
  year      = {2007},
}

@article{bousquet2002stability,
  author    = {Olivier Bousquet and
               Andr{\'e} Elisseeff},
  title     = {{Stability and Generalization}},
  journal   = {Journal of Machine Learning Research},
  year      = {2002},
}

@article{bu2020tightening,
  author    = {Yuheng Bu and
               Shaofeng Zou and
               Venugopal V. Veeravalli},
  title     = {{Tightening Mutual Information-Based Bounds on Generalization Error}},
  journal   = {IEEE Journal on Selected Areas in Information Theory},
  year      = {2020}
}

@article{catoni2007pac,
  author    = {Olivier Catoni},
  title     = {{Pac-Bayesian Supervised Classification: The Thermodynamics of Statistical Learning}},
  journal   = {arXiv},
  volume    = {abs/0712.0248},
  year      = {2007},
}

@article{chiang1987diffusion,
  author    = {Tzuu-Shuh Chiang and
               Chii-Ruey Hwang and
               Shuenn Jyi Sheu},
  title     = {{Diffusion for global optimization in $\Rbb^n$}},
  journal   = {Siam Journal on Control and Optimization},
  year      = {1987},
}

@inproceedings{dinh2017sharp,
  author    = {Laurent Dinh and
               Razvan Pascanu and
               Samy Bengio and
               Yoshua Bengio},
  title     = {{Sharp Minima Can Generalize For Deep Nets}},
  booktitle = {International Conference on Machine Learning (ICML)},
  year      = {2017},
}        

@inproceedings{dwork2015generalization,
  author    = {Cynthia Dwork and
               Vitaly Feldman and
               Moritz Hardt and
               Toniann Pitassi and
               Omer Reingold and
               Aaron Roth},
  title     = {{Generalization in Adaptive Data Analysis and Holdout Reuse}},
  booktitle = {Advances in Neural Information Processing Systems (NIPS)},
  year      = {2015},
}

@inproceedings{dziugaite2017computing,
  author    = {Gintare Karolina Dziugaite and
               Daniel M. Roy},
  title     = {{Computing Nonvacuous Generalization Bounds for Deep (Stochastic) Neural Networks with Many More Parameters than Training Data}},
  booktitle = {Conference on Uncertainty in Artificial Intelligence (UAI)},
  year      = {2017},
}

@inproceedings{dziugaite2018data,
  author    = {Gintare Karolina Dziugaite and
               Daniel M. Roy},
  title     = {{Data-dependent PAC-Bayes priors via differential privacy}},
  booktitle = {Advances in Neural Information Processing System (NeurIPS)},
  year      = {2018},
}

@inproceedings{dziugaite2021role,
  author    = {Gintare Karolina Dziugaite and
               Kyle Hsu and
               Waseem Gharbieh and
               Gabriel Arpino and
               Daniel M. Roy},
  title     = {{On the role of data in PAC-Bayes Bounds}},
  booktitle = {International Conference on Artificial Intelligence and Statistics (AISTATS)},
  year      = {2021},
}

@inproceedings{dziugaite2020search,
  author    = {Gintare Karolina Dziugaite and
               Alexandre Drouin and
               Brady Neal and
               Nitarshan Rajkumar and
               Ethan Caballero and
               Linbo Wang and
               Ioannis Mitliagkas and
               Daniel M. Roy},
  title     = {{In search of robust measures of generalization}},
  booktitle = {Advances in Neural Information Processing System (NeurIPS)},
  year      = {2020},
}

@inproceedings{germain2009pac,
  author    = {Pascal Germain and
               Alexandre Lacasse and
               Fran{\c{c}}ois Laviolette and
               Mario Marchand},
  title     = {{PAC-Bayesian Learning of Linear Classifiers}},
  booktitle = {International Conference on Machine Learning (ICML)},
  year      = {2009},
}

@inproceedings{glorot2010understanding,
  author    = {Xavier Glorot and
               Yoshua Bengio},
  title     = {{Understanding the difficulty of training deep feedforward neural networks}},
  booktitle = {International Conference on Artificial Intelligence and Statistics (AISTATS)},
  year      = {2010},
}

@inproceedings{goyal2017pac,
  author    = {Anil Goyal and
               Emilie Morvant and
               Pascal Germain and
               Massih{-}Reza Amini},
  title     = {{PAC-Bayesian Analysis for a Two-Step Hierarchical Multiview Learning
               Approach}},
  booktitle = {Machine Learning and Knowledge Discovery in Databases ({ECML}-{PKDD})},
  year      = {2017},
}

@article{guedj2019primer,
  author    = {Benjamin Guedj},
  title     = {{A Primer on PAC-Bayesian Learning}},
  journal   = {arXiv},
  volume    = {abs/1901.05353},
  year      = {2019},
}

@article{hellstrom2020generalization,
  author    = {Fredrik Hellstr{\"o}m and
               Giuseppe Durisi},
  title     = {{Generalization Bounds via Information Density and Conditional Information Density}},
  journal   = {IEEE Journal on Selected Areas in Information Theory},
  year      = {2020},
}

@article{hellstrom2023generalization,
  author    = {Fredrik Hellstr{\"{o}}m and
               Giuseppe Durisi and
               Benjamin Guedj and
               Maxim Raginsky},
  title     = {{Generalization Bounds: Perspectives from Information Theory and PAC-Bayes}},
  journal   = {arXiv},
  volume    = {abs/2309.04381},
  year      = {2023},
}

@inproceedings{ioffe2015batch,
  author    = {Sergey Ioffe and
               Christian Szegedy},
  title     = {{Batch Normalization: Accelerating Deep Network Training by Reducing Internal Covariate Shift}},
  booktitle = {International Conference on Machine Learning (ICML)},
  year      = {2015},
}

@inproceedings{jiang2020fantastic,
  author    = {Yiding Jiang and 
               Behnam Neyshabur and 
               Hossein Mobahi and 
               Dilip Krishnan and 
               Samy Bengio},
  title     = {{Fantastic Generalization Measures and Where to Find Them}},
  booktitle = {International Conference on Learning Representation (ICLR)},
  year      = {2019},
}

@inproceedings{jiang2019predicting,
  author    = {Yiding Jiang and
               Dilip Krishnan and
               Hossein Mobahi and
               Samy Bengio},
  title     = {{Predicting the Generalization Gap in Deep Networks with Margin Distributions}},
  booktitle = {International Conference on Learning Representation (ICLR)},
  year      = {2019},
}

@inproceedings{jiang2021methods,
  author    = {Yiding Jiang and
               Parth Natekar and
               Manik Sharma and
               Sumukh K. Aithal and
               Dhruva Kashyap and
               Natarajan Subramanyam and
               Carlos Lassance and
               Daniel M. Roy and
               Gintare Karolina Dziugaite and
               Suriya Gunasekar and
               Isabelle Guyon and
               Pierre Foret and
               Scott Yak and
               Hossein Mobahi and
               Behnam Neyshabur and
               Samy Bengio},
  title     = {{Methods and Analysis of The First Competition in Predicting Generalization of Deep Learning}},
  booktitle = {NeurIPS 2020 Competition and Demonstration Track},
  year      = {2021},
}

@inproceedings{kingma2015adam,
  author    = {Diederik Kingma and
               Jimmy Ba},
  title     = {{Adam: A Method for Stochastic Optimization}},
  booktitle = {International Conference on Learning Representation (ICLR)},
  year      = {2015},
}

@inproceedings{kuzborskij2019distribution,
  author    = {Ilja Kuzborskij and
               Nicol{\`{o}} Cesa{-}Bianchi and
               Csaba Szepesv{\'{a}}ri},
  title     = {{Distribution-Dependent Analysis of Gibbs-ERM Principle}},
  booktitle = {Annual Conference on Learning Theory (COLT)},
  year      = {2019},
}

@misc{lecun1998mnist,
  author    = {Yann LeCun and
               Corinna Cortes and
               Christopher J.C. Burges},
  title     = {{THE MNIST DATASET of handwritten digits}},
  year      = {1998},
  url       = {http://yann.lecun.com/exdb/mnist/}
}

@inproceedings{lee2020neural,
  author    = {Yoonho Lee and
               Juho Lee and
               Sung Ju Hwang and
               Eunho Yang and
               Seungjin Choi},
  title     = {{Neural Complexity Measures}},
  booktitle = {Advances in Neural Information Processing Systems (NeurIPS)},
  year      = {2020},
}

@inproceedings{letarte2019dichotomize,
  author    = {Ga{\"{e}}l Letarte and
               Pascal Germain and
               Benjamin Guedj and
               Fran{\c{c}}ois Laviolette},
  title     = {{Dichotomize and Generalize: PAC-Bayesian Binary Activated Deep Neural Networks}},
  booktitle = {Advances in Neural Information Processing System (NeurIPS)},
  year      = {2019},
}

@article{lever2013tighter,
  author    = {Guy Lever and
               Fran{\c{c}}ois Laviolette and
               John Shawe{-}Taylor},
  title     = {{Tighter PAC-Bayes bounds through distribution-dependent priors}},
  journal   = {Theoretical Computer Science},
  year      = {2013},
}

@article{maurer2004note,
  author    = {Andreas Maurer},
  title     = {{A Note on the {PAC} Bayesian Theorem}},
  journal   = {arXiv},
  volume    = {cs.LG/0411099},
  year      = {2004},
}

@inproceedings{mcallester1998some,
  author    = {David McAllester},
  title     = {{Some PAC-Bayesian Theorems}},
  booktitle = {Annual Conference on Computational Learning Theory (COLT)},
  year      = {1998},
}

@inproceedings{mcsherry2007mechanism,
  author    = {Frank McSherry and
               Kunal Talwar},
  title     = {{Mechanism Design via Differential Privacy}},
  booktitle = {IEEE Symposium on Foundations of Computer Science (FOCS)},
  year      = {2007},
}

@inproceedings{mironov2017renyi,
  author    = {Ilya Mironov},
  title     = {{R{\'{e}}nyi Differential Privacy}},
  booktitle = {{IEEE} Computer Security Foundations Symposium},
  year      = {2017},
}

@book{mohri2012foundations,
  author    = {Mehryar Mohri and
               Afshin Rostamizadeh and
               Ameet S. Talwalkar},
  title     = {{Foundations of Machine Learning}},
  series    = {Adaptive computation and machine learning},
  publisher = {{MIT} Press},
  year      = {2012},
}

@inproceedings{nagarajan2019uniform,
  author    = {Vaishnavh Nagarajan and
               J. Zico Kolter},
  title     = {{Uniform convergence may be unable to explain generalization in deep learning}},
  booktitle = {Advances in Neural Information Processing System (NeurIPS)},
  year      = {2019},
}

@inproceedings{neyshabur2015path,
  author    = {Behnam Neyshabur and
               Ruslan Salakhutdinov and
               Nathan Srebro},
  title     = {{Path-SGD: Path-Normalized Optimization in Deep Neural Networks}},
  booktitle = {Advances in Neural Information Processing Systems (NeurIPS)},
  year      = {2015},
}

@article{parradohernandez2012pac,
  author    = {Emilio Parrado{-}Hern{\'{a}}ndez and
               Amiran Ambroladze and
               John Shawe{-}Taylor and
               Shiliang Sun},
  title     = {{PAC-Bayes Bounds with Data Dependent Priors}},
  journal   = {Journal of Machine Learning Research},
  year      = {2012},
}

@article{perezortiz2021tighter,
  author    = {Mar{\'{i}}a P{\'{e}}rez{-}Ortiz and
               Omar Rivasplata and
               John Shawe{-}Taylor and
               Csaba Szepesv{\'{a}}ri},
  title     = {{Tighter Risk Certificates for Neural Networks}},
  journal   = {Journal of Machine Learning Research},
  year      = {2021},
}

@inproceedings{raginsky2016information,
  author    = {Maxim Raginsky and
               Alexander Rakhlin and
               Matthew Tsao and
               Yihong Wu and
               Aolin Xu},
  title     = {{Information-theoretic analysis of stability and bias of learning algorithms}},
  booktitle = {IEEE Information Theory Workshop},
  year      = {2016},
}

@inproceedings{raginsky2017nonconvex,
  author    = {Maxim Raginsky and
               Alexander Rakhlin and
               Matus Telgarsky},
  title     = {{Non-convex learning via Stochastic Gradient Langevin Dynamics: a nonasymptotic analysis}},
  booktitle = {Annual Conference on Learning Theory (COLT)},
  year      = {2017},
}

@inproceedings{reeb2018learning,
  author    = {David Reeb and
               Andreas Doerr and
               Sebastian Gerwinn and
               Barbara Rakitsch},
  title     = {{Learning Gaussian Processes by Minimizing PAC-Bayesian Generalization
               Bounds}},
  booktitle = {Advances in Neural Information Processing System (NeurIPS)},
  year      = {2018},
}

@inproceedings{rivasplata2020pac,
  author    = {Omar Rivasplata and
               Ilja Kuzborskij and
               Csaba Szepesv{\'{a}}ri and
               John Shawe{-}Taylor},
  title     = {{PAC-Bayes Analysis Beyond the Usual Bounds}},
  booktitle = {Advances in Neural Information Processing System (NeurIPS)},
  year      = {2020},
}

@inproceedings{shawetaylor1997pac,
  author    = {John Shawe{-}Taylor and
               Robert C. Williamson},
  title     = {{A PAC Analysis of a Bayesian Estimator}},
  booktitle = {Annual Conference on Computational Learning Theory (COLT)},
  year      = {1997},
}

@inproceedings{springenberg2015striving,
  author    = {Jost Tobias Springenberg and
               Alexey Dosovitskiy and
               Thomas Brox and
               Martin Riedmiller},
  title     = {{Striving for Simplicity: The All Convolutional Net}},
  booktitle = {International Conference on Learning Representations (ICLR) -- Workshop Track},
  year      = {2015},
}

@article{vapnik1971uniform,
  author    = {Vladimir Vapnik and
               Alexey Chervonenkis},
  title     = {{On the Uniform Convergence of Relative Frequencies of Events to Their Probabilities}},
  journal   = {Theory of Probability and its Applications},
  year      = {1971},
}

@article{viallard2024general,
  author    = {Paul Viallard and
               Pascal Germain and
               Amaury Habrard and
               Emilie Morvant},
  title     = {{A general framework for the practical disintegration of PAC-Bayesian bounds}},
  journal   = {Machine Learning},
  year      = {2024},
}

@inproceedings{welling2011bayesian,
  author    = {Max Welling and
               Yee Whye Teh},
  title     = {{Bayesian Learning via Stochastic Gradient Langevin Dynamics}},
  booktitle = {International Conference on Machine Learning (ICML)},
  year      = {2011},
}

@article{xiao2017fashion,
  author    = {Han Xiao and
               Kashif Rasul and
               Roland Vollgraf},
  title     = {{Fashion-MNIST: a Novel Image Dataset for Benchmarking Machine Learning
               Algorithms}},
  journal   = {arXiv},
  volume    = {abs/1708.07747},
  year      = {2017},
}

@article{xu2012robustness,
  author    = {Huan Xu and
               Shie Mannor},
  title     = {{Robustness and generalization}},
  journal   = {Machine Learning},
  year      = {2012},
}

@inproceedings{xu2017information,
  author    = {Aolin Xu and
               Maxim Raginsky},
  title     = {{Information-theoretic analysis of generalization capability of learning
               algorithms}},
  booktitle = {Advances in Neural Information Processing System (NeurIPS)},
  year      = {2017},
}